@article{luber2011s1,
  title={S1-state model of the O2-evolving complex of photosystem II},
  author={Luber, Sandra and Rivalta, Ivan and Umena, Yasufumi and Kawakami, Keisuke and Shen, Jian-Ren and Kamiya, Nobuo and Brudvig, Gary W and Batista, Victor S},
  journal={Biochemistry},
  volume={50},
  number={29},
  pages={6308--6311},
  year={2011},
  publisher={ACS Publications}
}

@article{newville2004fundamentals,
  title={Fundamentals of XAFS},
  author={Newville, Matthew},
  journal={Consortium for Advanced Radiation Sources, University of Chicago (USA)[http://xafs. org]},
  year={2004}
}

@article{hsiao2006exafs,
  title={EXAFS structure refinement supplemented by computational chemistry},
  author={Hsiao, Ya-Wen and Tao, Ye and Shokes, Jacob E and Scott, Robert A and Ryde, Ulf},
  journal={Physical Review B},
  volume={74},
  number={21},
  pages={214101},
  year={2006},
  publisher={APS}
}

@article{sproviero2008model,
  title={A model of the oxygen-evolving center of photosystem II predicted by structural refinement based on EXAFS simulations},
  author={Sproviero, Eduardo M and Gasc{\'o}n, Jos{\'e} A and McEvoy, James P and Brudvig, Gary W and Batista, Victor S},
  journal={Journal of the American Chemical Society},
  volume={130},
  number={21},
  pages={6728--6730},
  year={2008},
  publisher={ACS Publications}
}

@mastersthesis{comte2010bioinspired,
  title={Bio-Inspired Optimization \& Sampling Technique for Side-chain Packing in MCCE},
  author={Comte, Pascal},
  school={Brock University},
  year={2010},
  type={Mastersthesis}
}

@electronic{cilib,
  title={Computational Intelligence Library},
  url={http://www.cilib.net/},
  author={Computational Intelligence Research Group}
}

@electronic{ifeffit,
  title={IFEFFIT: Interactive XAFS Analysis},
  url={http://cars9.uchicago.edu/ifeffit/Ifeffit},
  school={The University of Chicago}
}

@incollection{kennedy2010particle,
  title={Particle swarm optimization},
  author={Kennedy, James},
  booktitle={Encyclopedia of Machine Learning},
  pages={760--766},
  year={2010},
  publisher={Springer}
}

@article{storn1997differential,
  title={Differential evolution--a simple and efficient heuristic for global optimization over continuous spaces},
  author={Storn, Rainer and Price, Kenneth},
  journal={Journal of global optimization},
  volume={11},
  number={4},
  pages={341--359},
  year={1997},
  publisher={Springer}
}

@article{banzhaf1997genetic,
  title={Genetic Programming: An Introduction: On the Automatic Evolution of Computer Programs and Its Applications (The Morgan Kaufmann Series in Artificial Intelligence)},
  author={Banzhaf, Wolfgang and Nordin, Peter and Keller, Robert E and Francone, Frank D},
  year={1997},
  publisher={$\{$Morgan Kaufmann Publishers$\}$}
}

@inproceedings{hughes2013recentering,
  title={Recentering, reanchoring \& restarting an evolutionary algorithm},
  author={Hughes, James and Houghten, Sheridan and Ashlock, Daniel},
  booktitle={Nature and Biologically Inspired Computing (NaBIC), 2013 World Congress on},
  pages={76--83},
  year={2013},
  organization={IEEE}
}

@inproceedings{hughes2013edit,
  title={Edit metric decoding: Representation strikes back},
  author={Hughes, James and Brown, Joseph Alexander and Houghten, Sheridan and Ashlock, Daniel},
  booktitle={Evolutionary Computation (CEC), 2013 IEEE Congress on},
  pages={229--236},
  year={2013},
  organization={IEEE}
}

@article{umena2011crystal,
  title={Crystal structure of oxygen-evolving photosystem II at a resolution of 1.9 {\AA}},
  author={Umena, Yasufumi and Kawakami, Keisuke and Shen, Jian-Ren and Kamiya, Nobuo},
  journal={Nature},
  volume={473},
  number={7345},
  pages={55--60},
  year={2011},
  publisher={Nature Publishing Group}
}

@electronic{namd,
  title={NAMD - Scalable Molecular Dynamics},
  url={http://www.ks.uiuc.edu/Research/namd/},
  organization={Theoretical and Computational Biophysics Group}
}

@electronic{databank,
  title={Crystal structure of oxygen-evolving Photosystem II at 1.9 angstrom resolution},
  url={http://www.rcsb.org/pdb/explore/explore.do?structureId=3arc},
  organization={PDB Protein Data Bank}
}